<record><leader>00000cas a22000007a 4500</leader><controlfield tag="001">16796554</controlfield><controlfield tag="008">871001d189318uuiaudn ne      0    0eng  </controlfield><datafield ind1=" " ind2=" " tag="010"><subfield code="a">sn 87062384 </subfield></datafield><datafield ind1=" " ind2=" " tag="040"><subfield code="a">DLC</subfield><subfield code="b">eng</subfield><subfield code="c">DLC</subfield><subfield code="d">OCLCQ</subfield></datafield><datafield ind1=" " ind2=" " tag="042"><subfield code="a">msc</subfield></datafield><datafield ind1="0" ind2="0" tag="050"><subfield code="a">Newspaper 7768-X</subfield></datafield><datafield ind1="0" ind2="0" tag="245"><subfield code="a">Burlington democrat-journal.</subfield></datafield><datafield ind1="1" ind2="3" tag="246"><subfield code="a">Democrat-journal</subfield></datafield><datafield ind1=" " ind2=" " tag="260"><subfield code="a">Burlington, Iowa :</subfield><subfield code="b">Burlington Democrat Co.</subfield></datafield><datafield ind1=" " ind2=" " tag="300"><subfield code="a">v. :</subfield><subfield code="b">ill. ;</subfield><subfield code="c">55 cm.</subfield></datafield><datafield ind1=" " ind2=" " tag="310"><subfield code="a">Daily (except Sun.)</subfield></datafield><datafield ind1="1" ind2=" " tag="362"><subfield code="a">Began in 1893.</subfield></datafield><datafield ind1=" " ind2=" " tag="500"><subfield code="a">"Democratic."</subfield></datafield><datafield ind1=" " ind2=" " tag="588"><subfield code="a">Description based on: Vol. 6, no. 1753 (Aug. 15, 1898).</subfield></datafield><datafield ind1=" " ind2=" " tag="752"><subfield code="a">United States</subfield><subfield code="b">Iowa</subfield><subfield code="c">Des Moines</subfield><subfield code="d">Burlington.</subfield></datafield><datafield ind1="1" ind2=" " tag="029"><subfield code="a">AU@</subfield><subfield code="b">000025786656</subfield></datafield></record>